%YAML 1.1
%TAG !u! tag:unity3d.com,2011:
--- !u!1 &1028868664329696
GameObject:
  m_ObjectHideFlags: 0
  m_CorrespondingSourceObject: {fileID: 0}
  m_PrefabInstance: {fileID: 0}
  m_PrefabAsset: {fileID: 0}
  serializedVersion: 6
  m_Component:
  - component: {fileID: 4626390214331530}
  - component: {fileID: 33283243407640938}
  - component: {fileID: 23450358156907978}
  - component: {fileID: 5371468081800034001}
  - component: {fileID: 5621187743512364142}
  - component: {fileID: 5486369663574016027}
  m_Layer: 0
  m_Name: BishopLight
  m_TagString: Untagged
  m_Icon: {fileID: 0}
  m_NavMeshLayer: 0
  m_StaticEditorFlags: 0
  m_IsActive: 1
--- !u!4 &4626390214331530
Transform:
  m_ObjectHideFlags: 0
  m_CorrespondingSourceObject: {fileID: 0}
  m_PrefabInstance: {fileID: 0}
  m_PrefabAsset: {fileID: 0}
  m_GameObject: {fileID: 1028868664329696}
  m_LocalRotation: {x: 0, y: 0, z: 0, w: 1}
  m_LocalPosition: {x: 0, y: 0, z: 0}
  m_LocalScale: {x: 1, y: 1, z: 1}
  m_Children: []
  m_Father: {fileID: 0}
  m_RootOrder: 0
  m_LocalEulerAnglesHint: {x: 0, y: 0, z: 0}
--- !u!33 &33283243407640938
MeshFilter:
  m_ObjectHideFlags: 0
  m_CorrespondingSourceObject: {fileID: 0}
  m_PrefabInstance: {fileID: 0}
  m_PrefabAsset: {fileID: 0}
  m_GameObject: {fileID: 1028868664329696}
  m_Mesh: {fileID: 4300000, guid: 9872e0b509ff2d04299e3fe92e0deacc, type: 3}
--- !u!23 &23450358156907978
MeshRenderer:
  m_ObjectHideFlags: 0
  m_CorrespondingSourceObject: {fileID: 0}
  m_PrefabInstance: {fileID: 0}
  m_PrefabAsset: {fileID: 0}
  m_GameObject: {fileID: 1028868664329696}
  m_Enabled: 1
  m_CastShadows: 1
  m_ReceiveShadows: 1
  m_DynamicOccludee: 1
  m_MotionVectors: 1
  m_LightProbeUsage: 1
  m_ReflectionProbeUsage: 1
  m_RenderingLayerMask: 1
  m_RendererPriority: 0
  m_Materials:
  - {fileID: 2100000, guid: 00912c1e55787984d8a57cef15d87a8b, type: 2}
  m_StaticBatchInfo:
    firstSubMesh: 0
    subMeshCount: 0
  m_StaticBatchRoot: {fileID: 0}
  m_ProbeAnchor: {fileID: 0}
  m_LightProbeVolumeOverride: {fileID: 0}
  m_ScaleInLightmap: 1
  m_PreserveUVs: 0
  m_IgnoreNormalsForChartDetection: 0
  m_ImportantGI: 0
  m_StitchLightmapSeams: 0
  m_SelectedEditorRenderState: 3
  m_MinimumChartSize: 4
  m_AutoUVMaxDistance: 0.5
  m_AutoUVMaxAngle: 89
  m_LightmapParameters: {fileID: 0}
  m_SortingLayerID: 0
  m_SortingLayer: 0
  m_SortingOrder: 0
--- !u!114 &5371468081800034001
MonoBehaviour:
  m_ObjectHideFlags: 0
  m_CorrespondingSourceObject: {fileID: 0}
  m_PrefabInstance: {fileID: 0}
  m_PrefabAsset: {fileID: 0}
  m_GameObject: {fileID: 1028868664329696}
  m_Enabled: 1
  m_EditorHideFlags: 0
  m_Script: {fileID: 11500000, guid: b73ba5e2b746bb345b181c741afca6b2, type: 3}
  m_Name: 
  m_EditorClassIdentifier: 
--- !u!114 &5621187743512364142
MonoBehaviour:
  m_ObjectHideFlags: 0
  m_CorrespondingSourceObject: {fileID: 0}
  m_PrefabInstance: {fileID: 0}
  m_PrefabAsset: {fileID: 0}
  m_GameObject: {fileID: 1028868664329696}
  m_Enabled: 1
  m_EditorHideFlags: 0
  m_Script: {fileID: 11500000, guid: 228d80e470a4a3a4b8997ddd192e6c24, type: 3}
  m_Name: 
  m_EditorClassIdentifier: 
  originalXPosition: 0
  originalZPosition: 0
  colour: 
  type: 
--- !u!114 &5486369663574016027
MonoBehaviour:
  m_ObjectHideFlags: 0
  m_CorrespondingSourceObject: {fileID: 0}
  m_PrefabInstance: {fileID: 0}
  m_PrefabAsset: {fileID: 0}
  m_GameObject: {fileID: 1028868664329696}
  m_Enabled: 1
  m_EditorHideFlags: 0
  m_Script: {fileID: 11500000, guid: 03daa81ea5f685f4ebf6e32038d058ca, type: 3}
  m_Name: 
  m_EditorClassIdentifier: 
  hostTransform: {fileID: 0}
  manipulationType: 2
  twoHandedManipulationType: 3
  allowFarManipulation: 1
  oneHandRotationModeNear: 6
  oneHandRotationModeFar: 6
  releaseBehavior: -1
  constraintOnRotation: 0
  constraintOnMovement: 0
  smoothingActive: 1
  smoothingAmountOneHandManip: 0.001
  OnManipulationStarted:
    m_PersistentCalls:
      m_Calls:
      - m_Target: {fileID: 5621187743512364142}
        m_MethodName: SendMessage
        m_Mode: 5
        m_Arguments:
          m_ObjectArgument: {fileID: 0}
          m_ObjectArgumentAssemblyTypeName: UnityEngine.Object, UnityEngine
          m_IntArgument: 0
          m_FloatArgument: 0
          m_StringArgument: Manipulating
          m_BoolArgument: 0
        m_CallState: 2
    m_TypeName: Microsoft.MixedReality.Toolkit.UI.ManipulationEvent, Microsoft.MixedReality.Toolkit.SDK,
      Version=0.0.0.0, Culture=neutral, PublicKeyToken=null
  OnManipulationEnded:
    m_PersistentCalls:
      m_Calls:
      - m_Target: {fileID: 5621187743512364142}
        m_MethodName: SendMessage
        m_Mode: 5
        m_Arguments:
          m_ObjectArgument: {fileID: 0}
          m_ObjectArgumentAssemblyTypeName: UnityEngine.Object, UnityEngine
          m_IntArgument: 0
          m_FloatArgument: 0
          m_StringArgument: Moved
          m_BoolArgument: 0
        m_CallState: 2
    m_TypeName: Microsoft.MixedReality.Toolkit.UI.ManipulationEvent, Microsoft.MixedReality.Toolkit.SDK,
      Version=0.0.0.0, Culture=neutral, PublicKeyToken=null
  OnHoverEntered:
    m_PersistentCalls:
      m_Calls: []
    m_TypeName: Microsoft.MixedReality.Toolkit.UI.ManipulationEvent, Microsoft.MixedReality.Toolkit.SDK,
      Version=0.0.0.0, Culture=neutral, PublicKeyToken=null
  OnHoverExited:
    m_PersistentCalls:
      m_Calls: []
    m_TypeName: Microsoft.MixedReality.Toolkit.UI.ManipulationEvent, Microsoft.MixedReality.Toolkit.SDK,
      Version=0.0.0.0, Culture=neutral, PublicKeyToken=null
